
@misc{migdely_b._ochoa_avila_innovacion_????,
	title = {Innovación, tecnología y gestión tecnológica},
	author = {Migdely B. Ochoa Ávila and {Mario Valdés Soa} and {Yovanni Quevedo Aballe}},
	file = {Migdely B. Ochoa Ávila et al. - Innovación, tecnología y gestión tecnológica.pdf:C\:\\Users\\SONY\\AppData\\Roaming\\Mozilla\\Firefox\\Profiles\\bu865u5g.default\\zotero\\storage\\MAWMBKJU\\Migdely B. Ochoa Ávila et al. - Innovación, tecnología y gestión tecnológica.pdf:application/pdf}
}

@article{calderon-hernandez_estrategia_2010,
	title = {Estrategia competitiva y desempeño organizacional en empresas industriales colombianas},
	volume = {20},
	issn = {0121-5051},
	url = {http://www.scielo.org.co/scielo.php?script=sci_abstract&pid=S0121-50512010000300003&lng=es&nrm=iso&tlng=es},
	number = {38},
	urldate = {2014-05-18},
	journal = {Innovar},
	author = {Calderón-Hernández, Gregorio and álvarez-Giraldo, Claudia Milena and Naranjo-Valencia, Julia C.},
	month = sep,
	year = {2010},
	pages = {13--26},
	file = {Calderón-Hernández et al. - 2010 - Estrategia competitiva y desempeño organizacional .pdf:C\:\\Users\\SONY\\AppData\\Roaming\\Mozilla\\Firefox\\Profiles\\bu865u5g.default\\zotero\\storage\\8I8642KW\\Calderón-Hernández et al. - 2010 - Estrategia competitiva y desempeño organizacional .pdf:application/pdf;Snapshot:C\:\\Users\\SONY\\AppData\\Roaming\\Mozilla\\Firefox\\Profiles\\bu865u5g.default\\zotero\\storage\\XGTNFKVS\\scielo.html:text/html}
}

@article{quintero-campos_aportes_2010,
	title = {Aportes teóricos para el estudio de un sistema de innovación},
	volume = {20},
	issn = {0121-5051},
	url = {http://www.scielo.org.co/scielo.php?script=sci_abstract&pid=S0121-50512010000300006&lng=es&nrm=iso&tlng=es},
	number = {38},
	urldate = {2014-05-18},
	journal = {Innovar},
	author = {Quintero-Campos, Luz Jeannette},
	month = sep,
	year = {2010},
	pages = {57--76},
	file = {Quintero-Campos - 2010 - Aportes teóricos para el estudio de un sistema de .pdf:C\:\\Users\\SONY\\AppData\\Roaming\\Mozilla\\Firefox\\Profiles\\bu865u5g.default\\zotero\\storage\\6W7KETT3\\Quintero-Campos - 2010 - Aportes teóricos para el estudio de un sistema de .pdf:application/pdf;Snapshot:C\:\\Users\\SONY\\AppData\\Roaming\\Mozilla\\Firefox\\Profiles\\bu865u5g.default\\zotero\\storage\\N9XJ69K9\\scielo.html:text/html}
}

@article{castellanos_organizaciones_2011,
	title = {Organizaciones {En} {El} {Marco} {De} {Una} {Cultura} {Social} {Innovadora}: {Propuesta} {De} {Factores} {Explicativos}},
	volume = {17},
	issn = {1135-2523},
	shorttitle = {Organizaciones {En} {El} {Marco} {De} {Una} {Cultura} {Social} {Innovadora}},
	url = {http://www.redalyc.org/resumen.oa?id=274119499007},
	abstract = {En la era de la innovación, la dotación de la infraestructura tecnológica necesaria y otras inversiones en I+D no son suficientes para configurar un ecosistema en el que la innovación sea todo un referente. El verdadero reto reside probablemente en promover y alcanzar un cambio cultural que potencie...},
	language = {es},
	number = {1},
	urldate = {2014-05-18},
	journal = {Investigaciones Europeas de Dirección y Economía de la Empresa},
	author = {Castellanos, Arturo Rodríguez and Iruarrizaga, Jon Hoyos and Olaizola, Julen Izaguirre and Molina, M. Azucena Vicente},
	year = {2011},
	keywords = {Capacidades, Capacities, Cultura Social Innovadora, Organizaciones, Organizations, Relaciones, Relationships, Social innovation culture, Valores, Values},
	pages = {17--35},
	file = {Castellanos et al. - 2011 - Organizaciones En El Marco De Una Cultura Social I.pdf:C\:\\Users\\SONY\\AppData\\Roaming\\Mozilla\\Firefox\\Profiles\\bu865u5g.default\\zotero\\storage\\X8RBPH6C\\Castellanos et al. - 2011 - Organizaciones En El Marco De Una Cultura Social I.pdf:application/pdf;Snapshot:C\:\\Users\\SONY\\AppData\\Roaming\\Mozilla\\Firefox\\Profiles\\bu865u5g.default\\zotero\\storage\\B9U5IDRZ\\articulo.html:text/html}
}

@misc{hernandez-valdez_innovacion_2010,
	title = {Innovación de procesos},
	author = {Hernández-Valdez, Martín},
	year = {2010},
	file = {Hernández-Valdez - 2010 - Innovación de procesos.pdf:C\:\\Users\\SONY\\AppData\\Roaming\\Mozilla\\Firefox\\Profiles\\bu865u5g.default\\zotero\\storage\\WQ5MCRPQ\\Hernández-Valdez - 2010 - Innovación de procesos.pdf:application/pdf}
}

@article{torrent-sellens_nuevas_2010,
	title = {¿{Nuevas} fuentes co-innovadoras de la productividad empresarial?},
	author = {Torrent-Sellens, Joan and Ficapal-Cusí, Pilar},
	year = {2010}
}

@article{correa_factores_2007,
	title = {Factores determinantes y propuestas para la gestión de la innovación en las empresas constructoras},
	volume = {22},
	issn = {0716-2952},
	url = {http://biblat.unam.mx/es/revista/revista-ingenieria-de-construccion/articulo/factores-determinantes-y-propuestas-para-la-gestion-de-la-innovacion-en-las-empresas-constructoras},
	number = {1},
	urldate = {2014-05-19},
	journal = {Revista ingeniería de construcción},
	author = {Correa, Christian L. and Yepes, Víctor and Pellicer, Eugenio},
	year = {2007},
	pages = {5--14},
	file = {Snapshot:C\:\\Users\\SONY\\AppData\\Roaming\\Mozilla\\Firefox\\Profiles\\bu865u5g.default\\zotero\\storage\\PZ6QJ9PZ\\factores-determinantes-y-propuestas-para-la-gestion-de-la-innovacion-en-las-empresas-constructo.html:text/html}
}

@article{haase_management_2009,
	title = {Management of appendiceal pseudomyxoma peritonei diagnosed during pregnancy},
	volume = {7},
	issn = {1477-7819},
	url = {http://www.theorymaps.com/sources/show/54},
	doi = {10.1186/1477-7819-7-48},
	language = {en},
	number = {1},
	urldate = {2014-05-19},
	journal = {World Journal of Surgical Oncology},
	author = {Haase, Erika and Yoo, Dal and Sugarbaker, Paul H},
	year = {2009},
	pages = {48},
	file = {Source\: Grant (1996) - TheoryMaps:C\:\\Users\\SONY\\AppData\\Roaming\\Mozilla\\Firefox\\Profiles\\bu865u5g.default\\zotero\\storage\\N4KMZEIT\\54.html:text/html}
}

@book{scherer_innovation_1986,
	address = {Cambridge, Mass. u.a.},
	title = {Innovation and {Growth}: {Schumpeterian} {Perspectives}},
	isbn = {978-0-262-69102-4},
	shorttitle = {Innovation and {Growth}},
	abstract = {These sixteen essays are drawn from a body of work strongly influenced by the thought of Joseph A. Schumpeter. They are particularly appropriate in a time when low rates of growth have become the norm in the Western world and much of the economic debate focuses on prescriptions for industrial regeneration.Each essay tests hypotheses derived from the Schumpeterian propositions that technological innovation gives capitalist economies their peculiar dynamics through a process of "creative destruction," that technological progress has radically increased real income per capita in Western industrialized nations, and that monopoly market structures and their pursuit are a powerful engine of technological progress.F.M. Scherer is Professor of Economics at Swarthmore College and author of Industrial Market Structure and Economic Performance, a leading text in industrial organization.},
	language = {English},
	publisher = {The MIT Press},
	author = {Scherer, F. M.},
	month = oct,
	year = {1986}
}

@book{gee_technology_1981,
	title = {Technology transfer, innovation, and international competitiveness},
	isbn = {978-0-471-08468-6},
	abstract = {Technology and the economy; International aspects of American technology; Consequences of American technology exports; Foreign technology as a resource; The climate for innovation in leading western industrial nations; The climate for innovation in the United States; Meeting the challenge ahead.},
	language = {en},
	publisher = {Wiley},
	author = {Gee, Sherman},
	month = jan,
	year = {1981},
	keywords = {Business \& Economics / Industries / General, Business \& Economics / International / Economics, Technological innovations, Technological innovations - United States, Technology \& Engineering / Social Aspects, Technology transfer}
}

@book{oecd_manual_2007,
	title = {Manual de {Oslo} {Guía} para la recogida e interpretación de datos sobre innovación, 3a edición: {Guía} para la recogida e interpretación de datos sobre innovación, 3a edición},
	isbn = {978-92-64-06565-9},
	shorttitle = {Manual de {Oslo} {Guía} para la recogida e interpretación de datos sobre innovación, 3a edición},
	language = {es},
	publisher = {OECD Publishing},
	author = {OECD and Luxembourg, Statistical Office of the European Communities},
	month = may,
	year = {2007},
	keywords = {Science / General}
}

@book{hayes_restoring_1984,
	address = {New York},
	title = {Restoring {Our} {Competitive} {Edge}: {Competing} {Through} {Manufacturing}},
	isbn = {978-0-471-05159-6},
	shorttitle = {Restoring {Our} {Competitive} {Edge}},
	language = {Inglés},
	publisher = {John Wiley \& Sons},
	author = {Hayes, Robert H. and Wheelright, Steven C. and {Hayes}},
	month = jun,
	year = {1984}
}

@article{bright_management_1969,
	title = {Some management lessons from technological innovation research},
	volume = {2},
	issn = {0024-6301},
	url = {http://www.sciencedirect.com/science/article/pii/0024630169900223},
	doi = {10.1016/0024-6301(69)90022-3},
	abstract = {This paper presents some research conclusions as a number of “propositions” about technological innovation which are intended mainly for managers of business and government institutions. The author claims that western nations are foregoing great opportunities by taking a short term view. In particular, he believes that screening is done at too early stage, administrators and managers fail to realise the long time span of the innovative process, and there is a widespread assumption that government agencies must only support “sure-winners”.},
	number = {1},
	urldate = {2014-05-20},
	journal = {Long Range Planning},
	author = {Bright, James R.},
	month = sep,
	year = {1969},
	pages = {36--41},
	file = {ScienceDirect Snapshot:C\:\\Users\\SONY\\AppData\\Roaming\\Mozilla\\Firefox\\Profiles\\bu865u5g.default\\zotero\\storage\\7GDIQ38H\\0024630169900223.html:text/html}
}

@article{hamilton_patterns_1990,
	title = {Patterns of {Strategic} {Choice} in {Emerging} {Firms}: {Positioning} for {Innovation} in {Biotechnology}},
	volume = {32},
	issn = {00081256},
	shorttitle = {Patterns of {Strategic} {Choice} in {Emerging} {Firms}},
	url = {http://search.ebscohost.com/login.aspx?direct=true&db=bth&AN=4762532&lang=es&site=ehost-live},
	abstract = {This study examines the strategic choices of emerging firms seeking to capitalize on revolutionary technological change. These firms exhibit rapid and significant shifts in innovation priorities and pursue substantively different strategies in their attempts to exploit a common technological discontinuity. This analysis of new U.S. biotechnology firms reveals four distinct positioning strategies that reflect differences in research and development priorities, emphases on external collaboration, and the timing of strategic choices.},
	number = {3},
	urldate = {2014-05-20},
	journal = {California Management Review},
	author = {Hamilton, William F. and Vilà, Joaquim and Dibner, Mark D.},
	year = {1990},
	keywords = {BIOTECHNOLOGY, BUSINESS enterprises, COMMERCIALIZATION, INNOVATION management, INVENTIONS, NEW business enterprises, ORGANIZATIONAL goals, PERFORMANCE, RESEARCH \& development, STRATEGIC planning, Technological innovations, UNITED States},
	pages = {73--86},
	file = {EBSCO Full Text:C\:\\Users\\SONY\\AppData\\Roaming\\Mozilla\\Firefox\\Profiles\\bu865u5g.default\\zotero\\storage\\E975JXJU\\Hamilton et al. - 1990 - Patterns of Strategic Choice in Emerging Firms Po.pdf:application/pdf}
}

@misc{hinojosa_martinez_cuadernos_2006,
	title = {Cuadernos de {Gestión} de {Tecnología} - {Innovación} de proceso},
	publisher = {Publicado por la fundación Premio Nacional de tecnología},
	author = {Hinojosa Martínez, Antonio},
	year = {2006},
	file = {Cuaderno de Innovación de procesos \\⠀䠀椀渀漀樀漀猀愀Ⰰ ㈀　　㘀尩 - Cuaderno_de_Innovacion_de_procesos.pdf:C\:\\Users\\SONY\\AppData\\Roaming\\Mozilla\\Firefox\\Profiles\\bu865u5g.default\\zotero\\storage\\NMJ3IRGU\\Cuaderno_de_Innovacion_de_procesos.pdf:application/pdf}
}

@misc{sanchez_introduction:_1996,
	title = {Introduction: {Towards} the theory and practice of competence-based competition},
	publisher = {Dinamics of competence-based competition},
	author = {Sánchez, R. and Heene, A. and Thomas, H.},
	year = {1996}
}

@misc{nonaka_knowledge_1995,
	title = {The {Knowledge} creating company},
	publisher = {Nueva York: Oxford University Press},
	author = {Nonaka, I. and Takeuchi, H.},
	year = {1995}
}